<record><leader>00000cas a2200000 a 4500</leader><controlfield tag="001">33286112</controlfield><controlfield tag="008">951012d18941927fluwr ne      0    0eng c</controlfield><datafield ind1=" " ind2=" " tag="010"><subfield code="a">sn 95047191 </subfield></datafield><datafield ind1=" " ind2=" " tag="040"><subfield code="a">FUG</subfield><subfield code="b">eng</subfield><subfield code="c">FUG</subfield><subfield code="d">OCLCQ</subfield><subfield code="d">OCLCF</subfield><subfield code="d">OCLCO</subfield></datafield><datafield ind1=" " ind2=" " tag="012"><subfield code="i">9510</subfield></datafield><datafield ind1="1" ind2=" " tag="029"><subfield code="a">AU@</subfield><subfield code="b">000025885881</subfield></datafield><datafield ind1=" " ind2=" " tag="042"><subfield code="a">pcc</subfield></datafield><datafield ind1=" " ind2=" " tag="043"><subfield code="a">n-us-fl</subfield></datafield><datafield ind1="0" ind2=" " tag="130"><subfield code="a">Melbourne times (Melbourne, Fla.)</subfield></datafield><datafield ind1="1" ind2="4" tag="245"><subfield code="a">The Melbourne times.</subfield></datafield><datafield ind1=" " ind2=" " tag="260"><subfield code="a">Melbourne Indian River, Fla. :</subfield><subfield code="b">E.D. Oslin</subfield></datafield><datafield ind1=" " ind2=" " tag="300"><subfield code="a">v.</subfield></datafield><datafield ind1=" " ind2=" " tag="310"><subfield code="a">Weekly,</subfield><subfield code="b">&lt;Dec. 14, 1926&gt;</subfield></datafield><datafield ind1=" " ind2=" " tag="321"><subfield code="a">Weekly,</subfield><subfield code="b">&lt;Nov. 15, 1902&gt;-July 2, 1925</subfield></datafield><datafield ind1=" " ind2=" " tag="321"><subfield code="a">Semiweekly,</subfield><subfield code="b">July 8, 1925-Dec. 10, 1926</subfield></datafield><datafield ind1="1" ind2=" " tag="362"><subfield code="a">Began in 1894; ceased in 1927.</subfield></datafield><datafield ind1=" " ind2=" " tag="588"><subfield code="a">Description based on: Vol. 9, no. 33 (Nov. 15, 1902).</subfield></datafield><datafield ind1=" " ind2=" " tag="588"><subfield code="a">Latest issue consulted: Vol. 32, no. 71 (Dec. 14, 1926).</subfield></datafield><datafield ind1=" " ind2="0" tag="651"><subfield code="a">Melbourne (Fla.)</subfield><subfield code="v">Newspapers.</subfield></datafield><datafield ind1=" " ind2="0" tag="651"><subfield code="a">Brevard County (Fla.)</subfield><subfield code="v">Newspapers.</subfield></datafield><datafield ind1=" " ind2="7" tag="655"><subfield code="a">Newspapers.</subfield><subfield code="2">fast</subfield><subfield code="0">(OCoLC)fst01423814</subfield></datafield><datafield ind1=" " ind2="7" tag="651"><subfield code="a">Florida</subfield><subfield code="z">Brevard County.</subfield><subfield code="2">fast</subfield><subfield code="0">(OCoLC)fst01212300</subfield></datafield><datafield ind1=" " ind2="7" tag="651"><subfield code="a">Florida</subfield><subfield code="z">Melbourne.</subfield><subfield code="2">fast</subfield><subfield code="0">(OCoLC)fst01213183</subfield></datafield><datafield ind1=" " ind2=" " tag="752"><subfield code="a">United States</subfield><subfield code="b">Florida</subfield><subfield code="c">Brevard</subfield><subfield code="d">Melbourne.</subfield></datafield><datafield ind1="0" ind2="7" tag="785"><subfield code="t">Melbourne journal</subfield><subfield code="w">(DLC)sn 95047192</subfield><subfield code="w">(OCoLC)33286113</subfield></datafield><datafield ind1="0" ind2="7" tag="785"><subfield code="t">Melbourne times-journal</subfield><subfield code="w">(DLC)sn 95047190</subfield><subfield code="w">(OCoLC)33286110</subfield></datafield><datafield ind1=" " ind2=" " tag="850"><subfield code="a">FU</subfield></datafield></record>